@misc{MatplotLib, 
	title={How to use MatplotLib}, 
	url = {https://www.w3schools.com/python/matplotlib_plotting.asp},
	author={GeeksforGeeks},
	year = {2024},
}
